@ARTICLE{Jetal00,
   author = {{Jain}, B. and {Seljak}, U. and {White}, S.},
    title = "{Ray-tracing Simulations of Weak Lensing by Large-Scale Structure}",
  journal = {\apj},
   eprint = {arXiv:astro-ph/9901191},
     year = 2000,
    month = feb,
   volume = 530,
    pages = {547-577},
      doi = {10.1086/308384},
   adsurl = {http://adsabs.harvard.edu/abs/2000ApJ...530..547J},
  adsnote = {Provided by the Smithsonian/NASA Astrophysics Data System}
}

@ARTICLE{DETF,
   author = {{Albrecht}, A. and {Bernstein}, G. and {Cahn}, R. and {Freedman}, W.~L. and 
	{Hewitt}, J. and {Hu}, W. and {Huth}, J. and {Kamionkowski}, M. and 
	{Kolb}, E.~W. and {Knox}, L. and {Mather}, J.~C. and {Staggs}, S. and 
	{Suntzeff}, N.~B.},
    title = "{Report of the Dark Energy Task Force}",
  journal = {Appointed jointly by the DoE, NASA, and the NSF; see e-print at arxiv.org/abs/astro-ph/0609591},
   eprint = {astro-ph/0609591},
     year = 2006,
    month = sep,
   adsurl = {http://adsabs.harvard.edu/abs/2006astro.ph..9591A},
  adsnote = {Provided by the Smithsonian/NASA Astrophysics Data System}
}

@BOOK{Tetal03,
   author = {{Turner}, M.~S. and {Adelberger}, E. and {Bienenstock}, A. I. and {Blandford}, R. D. and {Faber}, S. M. and {\it et al}},
    title = "{Connecting Quarks with the Cosmos}",
publisher = {NRC Committee on the Physics of the Universe, The National Academies Press},
     year = 2003,
}


@ARTICLE{WH02,
   author = {{Hu}, W.},
    title = "{Dark energy and matter evolution from lensing tomography}",
  journal = {\prd},
   eprint = {arXiv:astro-ph/0208093},
     year = 2002,
    month = oct,
   volume = 66,
   number = 8,
    pages = {083515},
   adsurl = {http://adsabs.harvard.edu/abs/2002PhRvD..66h3515H},
  adsnote = {Provided by the Smithsonian/NASA Astrophysics Data System}
}

@ARTICLE{WH99,
   author = {{Hu}, W.},
    title = "{Power Spectrum Tomography with Weak Lensing}",
  journal = {\apjl},
   eprint = {arXiv:astro-ph/9904153},
     year = 1999,
    month = sep,
   volume = 522,
    pages = {L21-L24},
      doi = {10.1086/312210},
   adsurl = {http://adsabs.harvard.edu/abs/1999ApJ...522L..21H},
  adsnote = {Provided by the Smithsonian/NASA Astrophysics Data System}
}


@ARTICLE{DH02,
   author = {{Huterer}, D.},
    title = "{Weak lensing and dark energy}",
  journal = {\prd},
   eprint = {arXiv:astro-ph/0106399},
     year = 2002,
    month = mar,
   volume = 65,
   number = 6,
    pages = {063001},
   adsurl = {http://adsabs.harvard.edu/abs/2002PhRvD..65f3001H},
  adsnote = {Provided by the Smithsonian/NASA Astrophysics Data System}
}


@ARTICLE{AR04,
   author = {{Refregier}, A. and {Massey}, R. and {Rhodes}, J. and {Ellis}, R. and 
	{Albert}, J. and {Bacon}, D. and {Bernstein}, G. and {McKay}, T. and 
	{Perlmutter}, S.},
    title = "{Weak Lensing from Space. III. Cosmological Parameters}",
  journal = {\aj},
   eprint = {arXiv:astro-ph/0304419},
     year = 2004,
    month = jun,
   volume = 127,
    pages = {3102-3114},
      doi = {10.1086/420986},
   adsurl = {http://adsabs.harvard.edu/abs/2004AJ....127.3102R},
  adsnote = {Provided by the Smithsonian/NASA Astrophysics Data System}
}

@ARTICLE{A&D03,
   author = {{Abazajian}, K. and {Dodelson}, S.},
    title = "{Neutrino Mass and Dark Energy from Weak Lensing}",
  journal = {\prl},
   eprint = {arXiv:astro-ph/0212216},
     year = 2003,
    month = jul,
   volume = 91,
   number = 4,
    pages = {041301},
   adsurl = {http://adsabs.harvard.edu/abs/2003PhRvL..91d1301A},
  adsnote = {Provided by the Smithsonian/NASA Astrophysics Data System}
}

@ARTICLE{T&J04,
   author = {{Takada}, M. and {Jain}, B.},
    title = "{Cosmological parameters from lensing power spectrum and bispectrum tomography}",
  journal = {\mnras},
   eprint = {arXiv:astro-ph/0310125},
     year = 2004,
    month = mar,
   volume = 348,
    pages = {897-915},
      doi = {10.1111/j.1365-2966.2004.07410.x},
   adsurl = {http://adsabs.harvard.edu/abs/2004MNRAS.348..897T},
  adsnote = {Provided by the Smithsonian/NASA Astrophysics Data System}
}


@ARTICLE{S&K04,
   author = {{Song}, Y.-S. and {Knox}, L.},
    title = "{Determination of cosmological parameters from cosmic shear data}",
  journal = {\prd},
   eprint = {arXiv:astro-ph/0312175},
     year = 2004,
    month = sep,
   volume = 70,
   number = 6,
    pages = {063510},
      doi = {10.1103/PhysRevD.70.063510},
   adsurl = {http://adsabs.harvard.edu/abs/2004PhRvD..70f3510S},
  adsnote = {Provided by the Smithsonian/NASA Astrophysics Data System}
}

@ARTICLE{H&T&Y04,
   author = {{Hamana}, T. and {Takada}, M. and {Yoshida}, N.},
    title = "{Searching for massive clusters in weak lensing surveys}",
  journal = {\mnras},
   eprint = {arXiv:astro-ph/0310607},
     year = 2004,
    month = may,
   volume = 350,
    pages = {893-913},
      doi = {10.1111/j.1365-2966.2004.07691.x},
   adsurl = {http://adsabs.harvard.edu/abs/2004MNRAS.350..893H},
  adsnote = {Provided by the Smithsonian/NASA Astrophysics Data System}
}

@ARTICLE{H&S05,
   author = {{Hennawi}, J.~F. and {Spergel}, D.~N.},
    title = "{Shear-selected Cluster Cosmology: Tomography and Optimal Filtering}",
  journal = {\apj},
   eprint = {arXiv:astro-ph/0404349},
     year = 2005,
    month = may,
   volume = 624,
    pages = {59-79},
      doi = {10.1086/428749},
   adsurl = {http://adsabs.harvard.edu/abs/2005ApJ...624...59H},
  adsnote = {Provided by the Smithsonian/NASA Astrophysics Data System}
}

@ARTICLE{W&S98,
   author = {{Wang}, L. and {Steinhardt}, P.~J.},
    title = "{Cluster Abundance Constraints for Cosmological Models with a Time-varying, Spatially Inhomogeneous Energy Component with Negative Pressure}",
  journal = {\apj},
   eprint = {arXiv:astro-ph/9804015},
     year = 1998,
    month = dec,
   volume = 508,
    pages = {483-490},
      doi = {10.1086/306436},
   adsurl = {http://adsabs.harvard.edu/abs/1998ApJ...508..483W},
  adsnote = {Provided by the Smithsonian/NASA Astrophysics Data System}
}

@ARTICLE{H&M&H01,
   author = {{Haiman}, Z. and {Mohr}, J.~J. and {Holder}, G.~P.},
    title = "{Constraints on Cosmological Parameters from Future Galaxy Cluster Surveys}",
  journal = {\apj},
   eprint = {arXiv:astro-ph/0002336},
     year = 2001,
    month = jun,
   volume = 553,
    pages = {545-561},
      doi = {10.1086/320939},
   adsurl = {http://adsabs.harvard.edu/abs/2001ApJ...553..545H},
  adsnote = {Provided by the Smithsonian/NASA Astrophysics Data System}
}

@ARTICLE{W&B&K02,
   author = {{Weller}, J. and {Battye}, R.~A. and {Kneissl}, R.},
    title = "{Constraining Dark Energy with Sunyaev-Zel'dovich Cluster Surveys}",
  journal = {\prl},
   eprint = {arXiv:astro-ph/0110353},
     year = 2002,
    month = jun,
   volume = 88,
   number = 23,
    pages = {231301},
   adsurl = {http://adsabs.harvard.edu/abs/2002PhRvL..88w1301W},
  adsnote = {Provided by the Smithsonian/NASA Astrophysics Data System}
}

@ARTICLE{SW04,
   author = {{Wang}, S. and {Khoury}, J. and {Haiman}, Z. and {May}, M.},
    title = "{Constraining the evolution of dark energy with a combination of galaxy cluster observables}",
  journal = {\prd},
   eprint = {arXiv:astro-ph/0406331},
     year = 2004,
    month = dec,
   volume = 70,
   number = 12,
    pages = {123008},
      doi = {10.1103/PhysRevD.70.123008},
   adsurl = {http://adsabs.harvard.edu/abs/2004PhRvD..70l3008W},
  adsnote = {Provided by the Smithsonian/NASA Astrophysics Data System}
}

@ARTICLE{M&B06,
   author = {{Marian}, L. and {Bernstein}, G.~M.},
    title = "{Dark energy constraints from lensing-detected galaxy clusters}",
  journal = {\prd},
   eprint = {arXiv:astro-ph/0605746},
     year = 2006,
    month = jun,
   volume = 73,
   number = 12,
    pages = {123525},
      doi = {10.1103/PhysRevD.73.123525},
   adsurl = {http://adsabs.harvard.edu/abs/2006PhRvD..73l3525M},
  adsnote = {Provided by the Smithsonian/NASA Astrophysics Data System}
}

@ARTICLE{BJ&VW00,
   author = {{Jain}, B. and {Van Waerbeke}, L.},
    title = "{Statistics of Dark Matter Halos from Gravitational Lensing}",
  journal = {\apjl},
   eprint = {arXiv:astro-ph/9910459},
     year = 2000,
    month = feb,
   volume = 530,
    pages = {L1-L4},
      doi = {10.1086/312480},
   adsurl = {http://adsabs.harvard.edu/abs/2000ApJ...530L...1J},
  adsnote = {Provided by the Smithsonian/NASA Astrophysics Data System}
}


@ARTICLE{SW09,
   author = {{Wang}, S. and {Haiman}, Z. and {May}, M.},
    title = "{Constraining Cosmology with High-Convergence Regions in Weak Lensing Surveys}",
  journal = {\apj},
archivePrefix = "arXiv",
   eprint = {0809.4052},
 keywords = {cosmology: theory, gravitational lensing, large-scale structure of universe, methods: numerical},
     year = 2009,
    month = jan,
   volume = 691,
    pages = {547-559},
      doi = {10.1088/0004-637X/691/1/547},
   adsurl = {http://adsabs.harvard.edu/abs/2009ApJ...691..547W},
  adsnote = {Provided by the SAO/NASA Astrophysics Data System}
}


@ARTICLE{F&H07,
   author = {{Fang}, W. and {Haiman}, Z.},
    title = "{Constraining dark energy by combining cluster counts and shear-shear correlations in a weak lensing survey}",
  journal = {\prd},
   eprint = {arXiv:astro-ph/0612187},
     year = 2007,
    month = feb,
   volume = 75,
   number = 4,
    pages = {043010},
      doi = {10.1103/PhysRevD.75.043010},
   adsurl = {http://adsabs.harvard.edu/abs/2007PhRvD..75d3010F},
  adsnote = {Provided by the Smithsonian/NASA Astrophysics Data System}
}

@ARTICLE{VS05,
   author = {{Springel}, V.},
    title = "{The cosmological simulation code GADGET-2}",
  journal = {\mnras},
   eprint = {arXiv:astro-ph/0505010},
     year = 2005,
    month = dec,
   volume = 364,
    pages = {1105-1134},
      doi = {10.1111/j.1365-2966.2005.09655.x},
   adsurl = {http://adsabs.harvard.edu/abs/2005MNRAS.364.1105S},
  adsnote = {Provided by the Smithsonian/NASA Astrophysics Data System}
}

@ARTICLE{H&M01,
   author = {{Hamana}, T. and {Mellier}, Y.},
    title = "{Numerical study of the statistical properties of the lensing excursion angles}",
  journal = {\mnras},
   eprint = {arXiv:astro-ph/0101333},
     year = 2001,
    month = oct,
   volume = 327,
    pages = {169-176},
      doi = {10.1046/j.1365-8711.2001.04685.x},
   adsurl = {http://adsabs.harvard.edu/abs/2001MNRAS.327..169H},
  adsnote = {Provided by the Smithsonian/NASA Astrophysics Data System}
}


@ARTICLE{SB04,
   author = {{Borgani}, S. and {Murante}, G. and {Springel}, V. and {Diaferio}, A. and 
	{Dolag}, K. and {Moscardini}, L. and {Tormen}, G. and {Tornatore}, L. and 
	{Tozzi}, P.},
    title = "{X-ray properties of galaxy clusters and groups from a cosmological hydrodynamical simulation}",
  journal = {\mnras},
   eprint = {arXiv:astro-ph/0310794},
     year = 2004,
    month = mar,
   volume = 348,
    pages = {1078-1096},
      doi = {10.1111/j.1365-2966.2004.07431.x},
   adsurl = {http://adsabs.harvard.edu/abs/2004MNRAS.348.1078B},
  adsnote = {Provided by the Smithsonian/NASA Astrophysics Data System}
}


@ARTICLE{MM05,
   author = {{Maturi}, M. and {Meneghetti}, M. and {Bartelmann}, M. and {Dolag}, K. and 
	{Moscardini}, L.},
    title = "{An optimal filter for the detection of galaxy clusters through weak lensing}",
  journal = {\aap},
   eprint = {arXiv:astro-ph/0412604},
     year = 2005,
    month = nov,
   volume = 442,
    pages = {851-860},
      doi = {10.1051/0004-6361:20042600},
   adsurl = {http://adsabs.harvard.edu/abs/2005A%26A...442..851M},
  adsnote = {Provided by the Smithsonian/NASA Astrophysics Data System}
}

@ARTICLE{KD04,
   author = {{Dolag}, K. and {Bartelmann}, M. and {Perrotta}, F. and {Baccigalupi}, C. and 
	{Moscardini}, L. and {Meneghetti}, M. and {Tormen}, G.},
    title = "{Numerical study of halo concentrations in dark-energy cosmologies}",
  journal = {\aap},
   eprint = {arXiv:astro-ph/0309771},
     year = 2004,
    month = mar,
   volume = 416,
    pages = {853-864},
      doi = {10.1051/0004-6361:20031757},
   adsurl = {http://adsabs.harvard.edu/abs/2004A%26A...416..853D},
  adsnote = {Provided by the Smithsonian/NASA Astrophysics Data System}
}

@ARTICLE{RefReview,
   author = {{Refregier}, A.},
    title = "{Weak Gravitational Lensing by Large-Scale Structure}",
  journal = {\araa},
   eprint = {arXiv:astro-ph/0307212},
     year = 2003,
   volume = 41,
    pages = {645-668},
      doi = {10.1146/annurev.astro.41.111302.102207},
   adsurl = {http://adsabs.harvard.edu/abs/2003ARA%26A..41..645R},
  adsnote = {Provided by the Smithsonian/NASA Astrophysics Data System}
}

@ARTICLE{VSetal05,
   author = {{Springel}, V. and {White}, S.~D.~M. and {Jenkins}, A. and {Frenk}, C.~S. and 
	{Yoshida}, N. and {Gao}, L. and {Navarro}, J. and {Thacker}, R. and 
	{Croton}, D. and {Helly}, J. and {Peacock}, J.~A. and {Cole}, S. and 
	{Thomas}, P. and {Couchman}, H. and {Evrard}, A. and {Colberg}, J. and 
	{Pearce}, F.},
    title = "{Simulations of the formation, evolution and clustering of galaxies and quasars}",
  journal = {\nat},
   eprint = {arXiv:astro-ph/0504097},
     year = 2005,
    month = jun,
   volume = 435,
    pages = {629-636},
      doi = {10.1038/nature03597},
   adsurl = {http://adsabs.harvard.edu/abs/2005Natur.435..629S},
  adsnote = {Provided by the Smithsonian/NASA Astrophysics Data System}
}

@ARTICLE{Bernardeau97,
   author = {{Bernardeau}, F. and {van Waerbeke}, L. and {Mellier}, Y.},
    title = "{Weak lensing statistics as a probe of $\{$OMEGA$\}$ and power spectrum.}",
  journal = {\aap},
   eprint = {arXiv:astro-ph/9609122},
     year = 1997,
    month = jun,
   volume = 322,
    pages = {1-18},
   adsurl = {http://adsabs.harvard.edu/abs/1997A%26A...322....1B},
  adsnote = {Provided by the Smithsonian/NASA Astrophysics Data System}
}

@ARTICLE{Heymans06,
   author = {{Heymans}, C. and {White}, M. and {Heavens}, A. and {Vale}, C. and 
	{van Waerbeke}, L.},
    title = "{Potential sources of contamination to weak lensing measurements: constraints from N-body simulations}",
  journal = {\mnras},
   eprint = {arXiv:astro-ph/0604001},
     year = 2006,
    month = sep,
   volume = 371,
    pages = {750-760},
      doi = {10.1111/j.1365-2966.2006.10705.x},
   adsurl = {http://adsabs.harvard.edu/abs/2006MNRAS.371..750H},
  adsnote = {Provided by the Smithsonian/NASA Astrophysics Data System}
}

@ARTICLE{Hui99,
   author = {{Hui}, L.},
    title = "{Weighing the Cosmological Energy Contents with Weak Gravitational Lensing}",
  journal = {\apjl},
   eprint = {arXiv:astro-ph/9902275},
     year = 1999,
    month = jul,
   volume = 519,
    pages = {L9-L12},
      doi = {10.1086/312095},
   adsurl = {http://adsabs.harvard.edu/abs/1999ApJ...519L...9H},
  adsnote = {Provided by the Smithsonian/NASA Astrophysics Data System}
}

@ARTICLE{JS97,
   author = {{Jain}, B. and {Seljak}, U.},
    title = "{Cosmological Model Predictions for Weak Lensing: Linear and Nonlinear Regimes}",
  journal = {\apj},
   eprint = {arXiv:astro-ph/9611077},
     year = 1997,
    month = jul,
   volume = 484,
    pages = {560},
      doi = {10.1086/304372},
   adsurl = {http://adsabs.harvard.edu/abs/1997ApJ...484..560J},
  adsnote = {Provided by the Smithsonian/NASA Astrophysics Data System}
}

@ARTICLE{Kaiser92,
   author = {{Kaiser}, N.},
    title = "{Weak gravitational lensing of distant galaxies}",
  journal = {\apj},
     year = 1992,
    month = apr,
   volume = 388,
    pages = {272-286},
      doi = {10.1086/171151},
   adsurl = {http://adsabs.harvard.edu/abs/1992ApJ...388..272K},
  adsnote = {Provided by the Smithsonian/NASA Astrophysics Data System}
}

@ARTICLE{Kaiser1993,
   author = {{Kaiser}, N. and {Squires}, G.},
    title = "{Mapping the dark matter with weak gravitational lensing}",
  journal = {\apj},
 keywords = {Cosmology, Dark Matter, Galactic Clusters, Gravitational Lenses, Ellipticity, Galactic Mass, Mass Distribution},
     year = 1993,
    month = feb,
   volume = 404,
    pages = {441-450},
      doi = {10.1086/172297},
   adsurl = {http://adsabs.harvard.edu/abs/1993ApJ...404..441K},
  adsnote = {Provided by the SAO/NASA Astrophysics Data System}
}

@ARTICLE{Sefusatti06,
   author = {{Sefusatti}, E. and {Crocce}, M. and {Pueblas}, S. and {Scoccimarro}, R.
	},
    title = "{Cosmology and the bispectrum}",
  journal = {\prd},
   eprint = {arXiv:astro-ph/0604505},
     year = 2006,
    month = jul,
   volume = 74,
   number = 2,
    pages = {023522},
      doi = {10.1103/PhysRevD.74.023522},
   adsurl = {http://adsabs.harvard.edu/abs/2006PhRvD..74b3522S},
  adsnote = {Provided by the Smithsonian/NASA Astrophysics Data System}
}

@ARTICLE{T&J02,
   author = {{Takada}, M. and {Jain}, B.},
    title = "{The kurtosis of the cosmic shear field}",
  journal = {\mnras},
   eprint = {arXiv:astro-ph/0205055},
     year = 2002,
    month = dec,
   volume = 337,
    pages = {875-894},
      doi = {10.1046/j.1365-8711.2002.05972.x},
   adsurl = {http://adsabs.harvard.edu/abs/2002MNRAS.337..875T},
  adsnote = {Provided by the Smithsonian/NASA Astrophysics Data System}
}



@ARTICLE{Younger06,
   author = {{Younger}, J.~D. and {Haiman}, Z. and {Bryan}, G.~L. and {Wang}, S.
	},
    title = "{Breaking Cosmological Degeneracies in Galaxy Cluster Surveys with a Physical Model of Cluster Structure}",
  journal = {\apj},
   eprint = {arXiv:astro-ph/0605204},
     year = 2006,
    month = dec,
   volume = 653,
    pages = {27-42},
      doi = {10.1086/508646},
   adsurl = {http://adsabs.harvard.edu/abs/2006ApJ...653...27Y},
  adsnote = {Provided by the Smithsonian/NASA Astrophysics Data System}
}


@ARTICLE{WHMH07, 
author = {{Wang}, S. and {Hui}, L. and {May}, M. and {Haiman}, Z.}, 
title = "{Is modified gravity required by observations? An empirical consistency test of dark energy models}", 
journal = {\prd}, 
eprint = {arXiv:0705.0165}, 
year = 2007, 
month = sep, 
volume = 76, 
number = 6, 
pages = {063503}, 
doi = {10.1103/PhysRevD.76.063503}, 
adsurl = {http://adsabs.harvard.edu/abs/2007PhRvD..76f3503W}, adsnote = {Provided by the Smithsonian/NASA Astrophysics Data System} }



@ARTICLE{WHM02,
   author = {{Wang}, Y. and {Holz}, D.~E. and {Munshi}, D.},
    title = "{A Universal Probability Distribution Function for Weak-lensing Amplification}",
  journal = {\apjl},
   eprint = {arXiv:astro-ph/0204169},
     year = 2002,
    month = jun,
   volume = 572,
    pages = {L15-L18},
      doi = {10.1086/341604},
   adsurl = {http://adsabs.harvard.edu/abs/2002ApJ...572L..15W},
  adsnote = {Provided by the Smithsonian/NASA Astrophysics Data System}
}


@ARTICLE{VBM04,
   author = {{Valageas}, P. and {Barber}, A.~J. and {Munshi}, D.},
    title = "{Analytical predictions for statistics of cosmic shear: tests against simulations}",
  journal = {\mnras},
   eprint = {arXiv:astro-ph/0303472},
     year = 2004,
    month = jan,
   volume = 347,
    pages = {654-666},
      doi = {10.1111/j.1365-2966.2004.07248.x},
   adsurl = {http://adsabs.harvard.edu/abs/2004MNRAS.347..654V},
  adsnote = {Provided by the Smithsonian/NASA Astrophysics Data System}
}

@article{NN,
 author = {Roberto Tagliaferri and Giuseppe Longo and Leopoldo Milano and Fausto Acernese and Fabrizio Barone and Angelo Ciaramella and Rosario De Rosa and Ciro Donalek and Antonio Eleuteri and Giancarlo Raiconi and Salvatore Sessa and Antonino Staiano and Alfredo Volpicelli},
 title = {Neural networks in astronomy},
 journal = {Neural Netw.},
 volume = {16},
 number = {3-4},
 year = {2003},
 issn = {0893-6080},
 pages = {297--319},
 doi = {http://dx.doi.org/10.1016/S0893-6080(03)00028-5},
 publisher = {Elsevier Science Ltd.},
 address = {Oxford, UK, UK},
 }


@ARTICLE{vHSS94,
   author = {{von Hippel}, T. and {Storrie-Lombardi}, L.~J. and {Storrie-Lombardi}, M.~C. and {Irwin}, M.~J.},
    title = "{Automated Classification of Stellar Spectra - Part One - Initial Results with Artificial Neural Networks}",
  journal = {\mnras},
     year = 1994,
    month = jul,
   volume = 269,
    pages = {97},
   adsurl = {http://adsabs.harvard.edu/abs/1994MNRAS.269...97V},
  adsnote = {Provided by the Smithsonian/NASA Astrophysics Data System}
}


@ARTICLE{NLSS05,
   author = {{Naim}, A. and {Lahav}, O. and {Sodre}, Jr., L. and {Storrie-Lombardi}, M.~C.},
    title = "{Automated morphological classification of APM galaxies by supervised artificial neural networks}",
  journal = {\mnras},
   eprint = {arXiv:astro-ph/9503001},
     year = 1995,
    month = aug,
   volume = 275,
    pages = {567-590},
   adsurl = {http://adsabs.harvard.edu/abs/1995MNRAS.275..567N},
  adsnote = {Provided by the Smithsonian/NASA Astrophysics Data System}
}


@ARTICLE{FLS03,
   author = {{Firth}, A.~E. and {Lahav}, O. and {Somerville}, R.~S.},
    title = "{Estimating photometric redshifts with artificial neural networks}",
  journal = {\mnras},
   eprint = {arXiv:astro-ph/0203250},
     year = 2003,
    month = mar,
   volume = 339,
    pages = {1195-1202},
      doi = {10.1046/j.1365-8711.2003.06271.x},
   adsurl = {http://adsabs.harvard.edu/abs/2003MNRAS.339.1195F},
  adsnote = {Provided by the Smithsonian/NASA Astrophysics Data System}
}


@ARTICLE{wmap3,
   author = {{Spergel}, D.~N. and {Bean}, R. and {Dor{\'e}}, O. and {Nolta}, M.~R. and {Bennett}, C.~L. and {Dunkley}, J. and {Hinshaw}, G. and {Jarosik}, N. and {Komatsu}, E. and {Page}, L. and {Peiris}, H.~V. and {Verde}, L. and {Halpern}, M. and {Hill}, R.~S. and {Kogut}, A. and {Limon}, M. and {Meyer}, S.~S. and {Odegard}, N. and {Tucker}, G.~S. and {Weiland}, J.~L. and {Wollack}, E. and {Wright}, E.~L.},
    title = "{Three-Year Wilkinson Microwave Anisotropy Probe (WMAP) Observations: Implications for Cosmology}",
  journal = {\apjs},
   eprint = {arXiv:astro-ph/0603449},
     year = 2007,
    month = jun,
   volume = 170,
    pages = {377-408},
      doi = {10.1086/513700},
   adsurl = {http://adsabs.harvard.edu/abs/2007ApJS..170..377S},
  adsnote = {Provided by the Smithsonian/NASA Astrophysics Data System}
}

@ARTICLE{whitebaryons,
   author = {{White}, M.},
    title = "{Baryons and weak lensing power spectra}",
  journal = {Astroparticle Physics},
   eprint = {arXiv:astro-ph/0405593},
     year = 2004,
    month = nov,
   volume = 22,
    pages = {211-217},
      doi = {10.1016/j.astropartphys.2004.06.001},
   adsurl = {http://adsabs.harvard.edu/abs/2004APh....22..211W},
  adsnote = {Provided by the Smithsonian/NASA Astrophysics Data System}
}

@ARTICLE{whiteprojection,
   author = {{White}, M. and {van Waerbeke}, L. and {Mackey}, J.},
    title = "{Completeness in Weak-Lensing Searches for Clusters}",
  journal = {\apj},
   eprint = {arXiv:astro-ph/0111490},
     year = 2002,
    month = aug,
   volume = 575,
    pages = {640-649},
      doi = {10.1086/341351},
   adsurl = {http://adsabs.harvard.edu/abs/2002ApJ...575..640W},
  adsnote = {Provided by the Smithsonian/NASA Astrophysics Data System}
}

@ARTICLE{whitehu,
   author = {{White}, M. and {Hu}, W.},
    title = "{A New Algorithm for Computing Statistics of Weak Lensing by Large-Scale Structure}",
  journal = {\apj},
   eprint = {arXiv:astro-ph/9909165},
     year = 2000,
    month = jul,
   volume = 537,
    pages = {1-11},
      doi = {10.1086/309009},
   adsurl = {http://adsabs.harvard.edu/abs/2000ApJ...537....1W},
  adsnote = {Provided by the Smithsonian/NASA Astrophysics Data System}
}

@ARTICLE{hamilton,
   author = {{Hamilton}, A.~J.~S. and {Kumar}, P. and {Lu}, E. and {Matthews}, A.
	},
    title = "{Reconstructing the primordial spectrum of fluctuations of the universe from the observed nonlinear clustering of galaxies}",
  journal = {\apjl},
     year = 1991,
    month = jun,
   volume = 374,
    pages = {L1-L4},
      doi = {10.1086/186057},
   adsurl = {http://adsabs.harvard.edu/abs/1991ApJ...374L...1H},
  adsnote = {Provided by the Smithsonian/NASA Astrophysics Data System}
}

@ARTICLE{peacockdodds,
   author = {{Peacock}, J.~A. and {Dodds}, S.~J.},
    title = "{Non-linear evolution of cosmological power spectra}",
  journal = {\mnras},
   eprint = {arXiv:astro-ph/9603031},
     year = 1996,
    month = jun,
   volume = 280,
    pages = {L19-L26},
   adsurl = {http://adsabs.harvard.edu/abs/1996MNRAS.280L..19P},
  adsnote = {Provided by the Smithsonian/NASA Astrophysics Data System}
}

@ARTICLE{smith,
   author = {{Smith}, R.~E. and {Peacock}, J.~A. and {Jenkins}, A. and {White}, S.~D.~M. and 
	{Frenk}, C.~S. and {Pearce}, F.~R. and {Thomas}, P.~A. and {Efstathiou}, G. and 
	{Couchman}, H.~M.~P.},
    title = "{Stable clustering, the halo model and non-linear cosmological power spectra}",
  journal = {\mnras},
   eprint = {arXiv:astro-ph/0207664},
     year = 2003,
    month = jun,
   volume = 341,
    pages = {1311-1332},
      doi = {10.1046/j.1365-8711.2003.06503.x},
   adsurl = {http://adsabs.harvard.edu/abs/2003MNRAS.341.1311S},
  adsnote = {Provided by the Smithsonian/NASA Astrophysics Data System}
}

@ARTICLE{JSW00,
   author = {{Jain}, B. and {Seljak}, U. and {White}, S.},
    title = "{Ray-tracing Simulations of Weak Lensing by Large-Scale Structure}",
  journal = {\apj},
   eprint = {arXiv:astro-ph/9901191},
     year = 2000,
    month = feb,
   volume = 530,
    pages = {547-577},
      doi = {10.1086/308384},
   adsurl = {http://adsabs.harvard.edu/abs/2000ApJ...530..547J},
  adsnote = {Provided by the Smithsonian/NASA Astrophysics Data System}
}

@ARTICLE{lidz02,
   author = {{Lidz}, A. and {Hui}, L. and {Zaldarriaga}, M. and {Scoccimarro}, R.
	},
    title = "{How Neutral Is the Intergalactic Medium at z \~{} 6?}",
  journal = {\apj},
   eprint = {arXiv:astro-ph/0111346},
     year = 2002,
    month = nov,
   volume = 579,
    pages = {491-499},
      doi = {10.1086/342983},
   adsurl = {http://adsabs.harvard.edu/abs/2002ApJ...579..491L},
  adsnote = {Provided by the Smithsonian/NASA Astrophysics Data System}
}

@ARTICLE{lidz03,
   author = {{Lidz}, A. and {Hui}, L. and {Crotts}, A.~P.~S. and {Zaldarriaga}, M.
	},
    title = "{Towards Constraints on Dark Energy from Absorption Spectra of Close Quasar Pairs}",
  journal = {\apj, submitted, e-print astro-ph/0309204},
   eprint = {astro-ph/0309204},
     year = 2003,
    month = sep,
   adsurl = {http://adsabs.harvard.edu/abs/2003astro.ph..9204L},
  adsnote = {Provided by the Smithsonian/NASA Astrophysics Data System}
}

@ARTICLE{lidz04,
   author = {{Dijkstra}, M. and {Lidz}, A. and {Hui}, L.},
    title = "{Beyond Ly{$\alpha$}: Constraints and Consistency Tests from the Ly{$\beta$} Forest}",
  journal = {\apj},
   eprint = {arXiv:astro-ph/0305498},
     year = 2004,
    month = apr,
   volume = 605,
    pages = {7-13},
      doi = {10.1086/382199},
   adsurl = {http://adsabs.harvard.edu/abs/2004ApJ...605....7D},
  adsnote = {Provided by the Smithsonian/NASA Astrophysics Data System}
}

@ARTICLE{lidz06,
   author = {{Lidz}, A. and {Heitmann}, K. and {Hui}, L. and {Habib}, S. and 
	{Rauch}, M. and {Sargent}, W.~L.~W.},
    title = "{Tightening Constraints from the Ly{$\alpha$} Forest with the Flux Probability Distribution Function}",
  journal = {\apj},
   eprint = {arXiv:astro-ph/0505138},
     year = 2006,
    month = feb,
   volume = 638,
    pages = {27-44},
      doi = {10.1086/498699},
   adsurl = {http://adsabs.harvard.edu/abs/2006ApJ...638...27L},
  adsnote = {Provided by the Smithsonian/NASA Astrophysics Data System}
}

@ARTICLE{ZSH03,
   author = {{Zaldarriaga}, M. and {Scoccimarro}, R. and {Hui}, L.},
    title = "{Inferring the Linear Power Spectrum from the Ly{$\alpha$} Forest}",
  journal = {\apj},
   eprint = {arXiv:astro-ph/0111230},
     year = 2003,
    month = jun,
   volume = 590,
    pages = {1-7},
      doi = {10.1086/374407},
   adsurl = {http://adsabs.harvard.edu/abs/2003ApJ...590....1Z},
  adsnote = {Provided by the Smithsonian/NASA Astrophysics Data System}
}

@ARTICLE{HH03,
   author = {{Hui}, L. and {Haiman}, Z.},
    title = "{The Thermal Memory of Reionization History}",
  journal = {\apj},
   eprint = {arXiv:astro-ph/0302439},
     year = 2003,
    month = oct,
   volume = 596,
    pages = {9-18},
      doi = {10.1086/377229},
   adsurl = {http://adsabs.harvard.edu/abs/2003ApJ...596....9H},
  adsnote = {Provided by the Smithsonian/NASA Astrophysics Data System}
}

@ARTICLE{theuns02,
   author = {{Theuns}, T. and {Schaye}, J. and {Zaroubi}, S. and {Kim}, T.-S. and 
	{Tzanavaris}, P. and {Carswell}, B.},
    title = "{Constraints on Reionization from the Thermal History of the Intergalactic Medium}",
  journal = {\apjl},
   eprint = {arXiv:astro-ph/0201514},
     year = 2002,
    month = mar,
   volume = 567,
    pages = {L103-L106},
      doi = {10.1086/339998},
   adsurl = {http://adsabs.harvard.edu/abs/2002ApJ...567L.103T},
  adsnote = {Provided by the Smithsonian/NASA Astrophysics Data System}
}

@ARTICLE{ZHS05,
   author = {{Zhang}, J. and {Hui}, L. and {Stebbins}, A.},
    title = "{Isolating Geometry in Weak-Lensing Measurements}",
  journal = {\apj},
   eprint = {arXiv:astro-ph/0312348},
     year = 2005,
    month = dec,
   volume = 635,
    pages = {806-820},
      doi = {10.1086/497676},
   adsurl = {http://adsabs.harvard.edu/abs/2005ApJ...635..806Z},
  adsnote = {Provided by the Smithsonian/NASA Astrophysics Data System}
}

@ARTICLE{heitmann05,
   author = {{Heitmann}, K. and {Ricker}, P.~M. and {Warren}, M.~S. and {Habib}, S.
	},
    title = "{Robustness of Cosmological Simulations. I. Large-Scale Structure}",
  journal = {\apjs},
   eprint = {arXiv:astro-ph/0411795},
     year = 2005,
    month = sep,
   volume = 160,
    pages = {28-58},
      doi = {10.1086/432646},
   adsurl = {http://adsabs.harvard.edu/abs/2005ApJS..160...28H},
  adsnote = {Provided by the Smithsonian/NASA Astrophysics Data System}
}

@ARTICLE{heitmann07,
   author = {{Heitmann}, K. and {Lukic}, Z. and {Fasel}, P. and {Habib}, S. and 
	{Warren}, M.~S. and {White}, M. and {Ahrens}, J. and {Ankeny}, L. and 
	{Armstrong}, R. and {O'Shea}, B. and {Ricker}, P.~M. and {Springel}, V. and 
	{Stadel}, J. and {Trac}, H.},
    title = "{The Cosmic Code Comparison Project}",
  journal = {ArXiv e-prints},
   eprint = {0706.1270},
     year = 2007,
    month = jun,
   volume = 706,
   adsurl = {http://adsabs.harvard.edu/abs/2007arXiv0706.1270H},
  adsnote = {Provided by the Smithsonian/NASA Astrophysics Data System}
}

@ARTICLE{roman06,
   author = {{Crocce}, M. and {Pueblas}, S. and {Scoccimarro}, R.},
    title = "{Transients from initial conditions in cosmological simulations}",
  journal = {\mnras},
   eprint = {arXiv:astro-ph/0606505},
     year = 2006,
    month = nov,
   volume = 373,
    pages = {369-381},
      doi = {10.1111/j.1365-2966.2006.11040.x},
   adsurl = {http://adsabs.harvard.edu/abs/2006MNRAS.373..369C},
  adsnote = {Provided by the Smithsonian/NASA Astrophysics Data System}
}

@ARTICLE{DO06,
   author = {{Das}, S. and {Ostriker}, J.~P.},
    title = "{Testing a New Analytic Model for Gravitational Lensing Probabilities}",
  journal = {\apj},
   eprint = {arXiv:astro-ph/0512644},
     year = 2006,
    month = jul,
   volume = 645,
    pages = {1-16},
      doi = {10.1086/504032},
   adsurl = {http://adsabs.harvard.edu/abs/2006ApJ...645....1D},
  adsnote = {Provided by the Smithsonian/NASA Astrophysics Data System}
}


@ARTICLE{RZK07,
   author = {{Rudd}, D.~H. and {Zentner}, A.~R. and {Kravtsov}, A.~V.},
    title = "{Effects of Baryons and Dissipation on the Matter Power Spectrum}",
  journal = {\apj},
   eprint = {arXiv:astro-ph/0703741},
 keywords = {Cosmology: Theory, Galaxies: Clusters: General, Galaxies: Evolution, Methods: Numerical},
     year = 2008,
    month = jan,
   volume = 672,
    pages = {19-32},
      doi = {10.1086/523836},
   adsurl = {http://adsabs.harvard.edu/abs/2008ApJ...672...19R},
  adsnote = {Provided by the SAO/NASA Astrophysics Data System}
}


@ARTICLE{Jingetal06,
   author = {{Jing}, Y.~P. and {Zhang}, P. and {Lin}, W.~P. and {Gao}, L. and 
	{Springel}, V.},
    title = "{The Influence of Baryons on the Clustering of Matter and Weak-Lensing Surveys}",
  journal = {\apjl},
   eprint = {arXiv:astro-ph/0512426},
     year = 2006,
    month = apr,
   volume = 640,
    pages = {L119-L122},
      doi = {10.1086/503547},
   adsurl = {http://adsabs.harvard.edu/abs/2006ApJ...640L.119J},
  adsnote = {Provided by the Smithsonian/NASA Astrophysics Data System}
}

@ARTICLE{ZK04,
   author = {{Zhan}, H. and {Knox}, L.},
    title = "{Effect of Hot Baryons on the Weak-Lensing Shear Power Spectrum}",
  journal = {\apjl},
   eprint = {arXiv:astro-ph/0409198},
     year = 2004,
    month = dec,
   volume = 616,
    pages = {L75-L78},
      doi = {10.1086/426712},
   adsurl = {http://adsabs.harvard.edu/abs/2004ApJ...616L..75Z},
  adsnote = {Provided by the Smithsonian/NASA Astrophysics Data System}
}

@ARTICLE{Goobar,
   author = {{Goobar}, A. and {Hannestad}, S. and {M{\"o}rtsell}, E. and 
	{Tu}, H.},
    title = "{The neutrino mass bound from WMAP 3 year data, the baryon acoustic peak, the SNLS supernovae and the Lyman-{$\alpha$} forest}",
  journal = {Journal of Cosmology and Astro-Particle Physics},
   eprint = {arXiv:astro-ph/0602155},
     year = 2006,
    month = jun,
   volume = 6,
    pages = {19},
      doi = {10.1088/1475-7516/2006/06/019},
   adsurl = {http://adsabs.harvard.edu/abs/2006JCAP...06..019G},
  adsnote = {Provided by the Smithsonian/NASA Astrophysics Data System}
}

@ARTICLE{BW97,
   author = {{Bunn}, E.~F. and {White}, M.},
    title = "{The 4 Year COBE Normalization and Large-Scale Structure}",
  journal = {\apj},
   eprint = {arXiv:astro-ph/9607060},
     year = 1997,
    month = may,
   volume = 480,
    pages = {6},
      doi = {10.1086/303955},
   adsurl = {http://adsabs.harvard.edu/abs/1997ApJ...480....6B},
  adsnote = {Provided by the Smithsonian/NASA Astrophysics Data System}
}

@ARTICLE{KEL07,
   author = {{Kiakotou}, A. and {Elgar{\o}y}, {\O}. and {Lahav}, O.},
    title = "{Neutrino mass, dark energy, and the linear growth factor}",
  journal = {\prd},
archivePrefix = "arXiv",
   eprint = {0709.0253},
     year = 2008,
    month = mar,
   volume = 77,
   number = 6,
    pages = {063005},
      doi = {10.1103/PhysRevD.77.063005},
   adsurl = {http://adsabs.harvard.edu/abs/2008PhRvD..77f3005K},
  adsnote = {Provided by the SAO/NASA Astrophysics Data System}
}


@ARTICLE{WileyNeutrinos,
   author = {{Wang}, S. and {Haiman}, Z. and {Hu}, W. and {Khoury}, J. and 
	{May}, M.},
    title = "{Weighing Neutrinos with Galaxy Cluster Surveys}",
  journal = {\prl},
   eprint = {arXiv:astro-ph/0505390},
     year = 2005,
    month = jun,
   volume = 95,
   number = 1,
    pages = {011302},
      doi = {10.1103/PhysRevLett.95.011302},
   adsurl = {http://adsabs.harvard.edu/abs/2005PhRvL..95a1302W},
  adsnote = {Provided by the Smithsonian/NASA Astrophysics Data System}
}

@ARTICLE{CPS06,
   author = {{Crocce}, M. and {Pueblas}, S. and {Scoccimarro}, R.},
    title = "{Transients from initial conditions in cosmological simulations}",
  journal = {\mnras},
   eprint = {arXiv:astro-ph/0606505},
     year = 2006,
    month = nov,
   volume = 373,
    pages = {369-381},
      doi = {10.1111/j.1365-2966.2006.11040.x},
   adsurl = {http://adsabs.harvard.edu/abs/2006MNRAS.373..369C},
  adsnote = {Provided by the Smithsonian/NASA Astrophysics Data System}
}


@ARTICLE{Heitmann,
   author = {{Heitmann}, K. and {Luki{\'c}}, Z. and {Fasel}, P. and {Habib}, S. and 
	{Warren}, M.~S. and {White}, M. and {Ahrens}, J. and {Ankeny}, L. and 
	{Armstrong}, R. and {O'Shea}, B. and {Ricker}, P.~M. and {Springel}, V. and 
	{Stadel}, J. and {Trac}, H.},
    title = "{The cosmic code comparison project}",
  journal = {Computational Science and Discovery},
archivePrefix = "arXiv",
   eprint = {0706.1270},
     year = 2008,
    month = oct,
   volume = 1,
   number = 1,
    pages = {015003},
      doi = {10.1088/1749-4699/1/1/015003},
   adsurl = {http://adsabs.harvard.edu/abs/2008CS%26D....1a5003H},
  adsnote = {Provided by the SAO/NASA Astrophysics Data System}
}


@ARTICLE{VielWDM,
   author = {{Viel}, M. and {Lesgourgues}, J. and {Haehnelt}, M.~G. and {Matarrese}, S. and 
	{Riotto}, A.},
    title = "{Can Sterile Neutrinos Be Ruled Out as Warm Dark Matter Candidates?}",
  journal = {\prl},
   eprint = {arXiv:astro-ph/0605706},
     year = 2006,
    month = aug,
   volume = 97,
   number = 7,
    pages = {071301},
      doi = {10.1103/PhysRevLett.97.071301},
   adsurl = {http://adsabs.harvard.edu/abs/2006PhRvL..97g1301V},
  adsnote = {Provided by the Smithsonian/NASA Astrophysics Data System}
}

@ARTICLE{SeljakWDM,
   author = {{Seljak}, U. and {Makarov}, A. and {McDonald}, P. and {Trac}, H.
	},
    title = "{Can Sterile Neutrinos Be the Dark Matter?}",
  journal = {\prl},
   eprint = {arXiv:astro-ph/0602430},
     year = 2006,
    month = nov,
   volume = 97,
   number = 19,
    pages = {191303},
      doi = {10.1103/PhysRevLett.97.191303},
   adsurl = {http://adsabs.harvard.edu/abs/2006PhRvL..97s1303S},
  adsnote = {Provided by the Smithsonian/NASA Astrophysics Data System}
}

@ARTICLE{LHM07,
   author = {{Li}, Y. and {Haiman}, Z. and {Mac Low}, M.-M.},
    title = "{Correlations between Central Massive Objects and Their Host Galaxies: From Bulgeless Spirals to Ellipticals}",
  journal = {\apj},
   eprint = {arXiv:astro-ph/0607444},
     year = 2007,
    month = jul,
   volume = 663,
    pages = {61-70},
      doi = {10.1086/518398},
   adsurl = {http://adsabs.harvard.edu/abs/2007ApJ...663...61L},
  adsnote = {Provided by the Smithsonian/NASA Astrophysics Data System}
}

@ARTICLE{KHM09,
   author = {{Kratochvil}, J.~M. and {Haiman}, Z. and {May}, M.},
    title = "{Probing cosmology with weak lensing peak counts}",
  journal = {\prd},
archivePrefix = "arXiv",
   eprint = {0907.0486},
 keywords = {Cosmology, Dark energy, Astronomical catalogs, atlases, sky surveys, databases, retrieval systems, archives, etc., Superclusters; large-scale structure of the Universe},
     year = 2010,
    month = feb,
   volume = 81,
   number = 4,
    pages = {043519},
      doi = {10.1103/PhysRevD.81.043519},
   adsurl = {http://adsabs.harvard.edu/abs/2010PhRvD..81d3519K},
  adsnote = {Provided by the SAO/NASA Astrophysics Data System}
}


@ARTICLE{baf10,
   author = {{Berg{\'e}}, J. and {Amara}, A. and {R{\'e}fr{\'e}gier}, A.},
    title = "{Optimal Capture of Non-Gaussianity in Weak-Lensing Surveys: Power Spectrum, Bispectrum, and Halo Counts}",
  journal = {\apj},
archivePrefix = "arXiv",
   eprint = {0909.0529},
 keywords = {cosmological parameters, gravitational lensing: weak, large-scale structure of universe},
     year = 2010,
    month = apr,
   volume = 712,
    pages = {992-1002},
      doi = {10.1088/0004-637X/712/2/992},
   adsurl = {http://adsabs.harvard.edu/abs/2010ApJ...712..992B},
  adsnote = {Provided by the SAO/NASA Astrophysics Data System}
}



@ARTICLE{maturi09,
   author = {{Maturi}, M. and {Angrick}, C. and {Pace}, F. and {Bartelmann}, M.},
    title = "{An analytic approach to number counts of weak-lensing peak detections}",
  journal = {\aap},
archivePrefix = "arXiv",
   eprint = {0907.1849},
 primaryClass = "astro-ph.CO",
 keywords = {cosmology: theory, large-scale structure of Universe, galaxies: clusters: general, gravitational lensing: weak},
     year = 2010,
    month = sep,
   volume = 519,
    pages = {A23},
      doi = {10.1051/0004-6361/200912866},
   adsurl = {http://adsabs.harvard.edu/abs/2010A%26A...519A..23M},
  adsnote = {Provided by the SAO/NASA Astrophysics Data System}
}

@ARTICLE{DH10,
   author = {{Dietrich}, J.~P. and {Hartlap}, J.},
    title = "{Cosmology with the shear-peak statistics}",
  journal = {\mnras},
archivePrefix = "arXiv",
   eprint = {0906.3512},
 keywords = {gravitational lensing, cosmological parameters, large-scale structure of Universe},
     year = 2010,
    month = feb,
   volume = 402,
    pages = {1049-1058},
      doi = {10.1111/j.1365-2966.2009.15948.x},
   adsurl = {http://adsabs.harvard.edu/abs/2010MNRAS.402.1049D},
  adsnote = {Provided by the SAO/NASA Astrophysics Data System}
}

@ARTICLE{MSB09,
   author = {{Marian}, L. and {Smith}, R.~E. and {Bernstein}, G.~M.},
    title = "{The Cosmology Dependence of Weak Lensing Cluster Counts}",
  journal = {\apjl},
archivePrefix = "arXiv",
   eprint = {0811.1991},
 keywords = {galaxies: clusters: general, large-scale structure of universe, methods: N-body simulations},
     year = 2009,
    month = jun,
   volume = 698,
    pages = {L33-L36},
      doi = {10.1088/0004-637X/698/1/L33},
   adsurl = {http://adsabs.harvard.edu/abs/2009ApJ...698L..33M},
  adsnote = {Provided by the SAO/NASA Astrophysics Data System}
}



@ARTICLE{wk98,
   author = {{Winitzki}, S. and {Kosowsky}, A.},
    title = "{Minkowski functional description of microwave background Gaussianity}",
  journal = {New Astronomy},
   eprint = {arXiv:astro-ph/9710164},
 keywords = {COSMIC MICROWAVE BACKGROUND, METHODS: STATISTICAL},
     year = 1998,
    month = mar,
   volume = 3,
    pages = {75-100},
      doi = {10.1016/S1384-1076(97)00046-8},
   adsurl = {http://adsabs.harvard.edu/abs/1998NewA....3...75W},
  adsnote = {Provided by the SAO/NASA Astrophysics Data System}
}



@ARTICLE{hikage06,
   author = {{Hikage}, C. and {Komatsu}, E. and {Matsubara}, T.},
    title = "{Primordial Non-Gaussianity and Analytical Formula for Minkowski Functionals of the Cosmic Microwave Background and Large-Scale Structure}",
  journal = {\apj},
   eprint = {arXiv:astro-ph/0607284},
 keywords = {Cosmology: Cosmic Microwave Background, Cosmology: Large-Scale Structure of Universe, Methods: Analytical},
     year = 2006,
    month = dec,
   volume = 653,
    pages = {11-26},
      doi = {10.1086/508653},
   adsurl = {http://adsabs.harvard.edu/abs/2006ApJ...653...11H},
  adsnote = {Provided by the SAO/NASA Astrophysics Data System}
}



@ARTICLE{matsubara01,
   author = {{Matsubara}, T. and {Jain}, B.},
    title = "{The Topology of Weak Lensing Fields}",
  journal = {\apjl},
   eprint = {arXiv:astro-ph/0009402},
 keywords = {Cosmology: Theory, Cosmology: Gravitational Lensing, Cosmology: Large-Scale Structure of Universe, Methods: Numerical},
     year = 2001,
    month = may,
   volume = 552,
    pages = {L89-L92},
      doi = {10.1086/320327},
   adsurl = {http://adsabs.harvard.edu/abs/2001ApJ...552L..89M},
  adsnote = {Provided by the SAO/NASA Astrophysics Data System}
}


@ARTICLE{sato01,
   author = {{Sato}, J. and {Takada}, M. and {Jing}, Y.~P. and {Futamase}, T.
	},
    title = "{Implication of $\Omega_M$ through the Morphological Analysis of Weak Lensing Fields}",
  journal = {\apjl},
   eprint = {arXiv:astro-ph/0104015},
 keywords = {Cosmology: Theory, Cosmology: Gravitational Lensing, Methods: Numerical},
     year = 2001,
    month = apr,
   volume = 551,
    pages = {L5-L8},
      doi = {10.1086/319838},
   adsurl = {http://adsabs.harvard.edu/abs/2001ApJ...551L...5S},
  adsnote = {Provided by the SAO/NASA Astrophysics Data System}
}

@ARTICLE{lognor,
   author = {{Taruya}, A. and {Takada}, M. and {Hamana}, T. and {Kayo}, I. and 
	{Futamase}, T.},
    title = "{Lognormal Property of Weak-Lensing Fields}",
  journal = {\apj},
   eprint = {arXiv:astro-ph/0202090},
 keywords = {Cosmology: Theory, Cosmology: Gravitational Lensing, Cosmology: Large-Scale Structure of Universe, Methods: Numerical},
     year = 2002,
    month = jun,
   volume = 571,
    pages = {638-653},
      doi = {10.1086/340048},
   adsurl = {http://adsabs.harvard.edu/abs/2002ApJ...571..638T},
  adsnote = {Provided by the SAO/NASA Astrophysics Data System}
}


@ARTICLE{gui02,
   author = {{Guimar{\~a}es}, A.~C.~C.},
    title = "{Cosmological model differentiation through weak gravitational lensing}",
  journal = {\mnras},
   eprint = {arXiv:astro-ph/0202507},
 keywords = {gravitational lensing, large-scale structure of Universe},
     year = 2002,
    month = dec,
   volume = 337,
    pages = {631-640},
      doi = {10.1046/j.1365-8711.2002.05939.x},
   adsurl = {http://adsabs.harvard.edu/abs/2002MNRAS.337..631G},
  adsnote = {Provided by the SAO/NASA Astrophysics Data System}
}



@ARTICLE{AHF,
   author = {{Knollmann}, S.~R. and {Knebe}, A.},
    title = "{AHF: Amiga's Halo Finder}",
  journal = {\apjs},
archivePrefix = "arXiv",
   eprint = {0904.3662},
 keywords = {methods: numerical},
     year = 2009,
    month = jun,
   volume = 182,
    pages = {608-624},
      doi = {10.1088/0067-0049/182/2/608},
   adsurl = {http://adsabs.harvard.edu/abs/2009ApJS..182..608K},
  adsnote = {Provided by the SAO/NASA Astrophysics Data System}
}



@ARTICLE{Dodelson05,
   author = {{Dodelson}, S. and {Shapiro}, C. and {White}, M.},
    title = "{Reduced shear power spectrum}",
  journal = {\prd},
   eprint = {arXiv:astro-ph/0508296},
     year = 2006,
    month = jan,
   volume = 73,
   number = 2,
    pages = {023009},
      doi = {10.1103/PhysRevD.73.023009},
   adsurl = {http://adsabs.harvard.edu/abs/2006PhRvD..73b3009D},
  adsnote = {Provided by the SAO/NASA Astrophysics Data System}
}


@ARTICLE{DGP,
   author = {{Fang}, W. and {Wang}, S. and {Hu}, W. and {Haiman}, Z. and 
	{Hui}, L. and {May}, M.},
    title = "{Challenges to the DGP model from horizon-scale growth and geometry}",
  journal = {\prd},
archivePrefix = "arXiv",
   eprint = {0808.2208},
     year = 2008,
    month = nov,
   volume = 78,
   number = 10,
    pages = {103509},
      doi = {10.1103/PhysRevD.78.103509},
   adsurl = {http://adsabs.harvard.edu/abs/2008PhRvD..78j3509F},
  adsnote = {Provided by the SAO/NASA Astrophysics Data System}
}



@ARTICLE{CoyoteII,
   author = {{Heitmann}, K. and {Higdon}, D. and {White}, M. and {Habib}, S. and 
	{Williams}, B.~J. and {Lawrence}, E. and {Wagner}, C.},
    title = "{The Coyote Universe. II. Cosmological Models and Precision Emulation of the Nonlinear Matter Power Spectrum}",
  journal = {\apj},
archivePrefix = "arXiv",
   eprint = {0902.0429},
 keywords = {large-scale structure of universe, methods: statistical},
     year = 2009,
    month = nov,
   volume = 705,
    pages = {156-174},
      doi = {10.1088/0004-637X/705/1/156},
   adsurl = {http://adsabs.harvard.edu/abs/2009ApJ...705..156H},
  adsnote = {Provided by the SAO/NASA Astrophysics Data System}
}


@ARTICLE{CoyoteI,
   author = {{Heitmann}, K. and {White}, M. and {Wagner}, C. and {Habib}, S. and 
	{Higdon}, D.},
    title = "{The Coyote Universe. I. Precision Determination of the Nonlinear Matter Power Spectrum}",
  journal = {\apj},
archivePrefix = "arXiv",
   eprint = {0812.1052},
 keywords = {large-scale structure of universe, methods: numerical},
     year = 2010,
    month = may,
   volume = 715,
    pages = {104-121},
      doi = {10.1088/0004-637X/715/1/104},
   adsurl = {http://adsabs.harvard.edu/abs/2010ApJ...715..104H},
  adsnote = {Provided by the SAO/NASA Astrophysics Data System}
}


@ARTICLE{CoyoteIII,
   author = {{Lawrence}, E. and {Heitmann}, K. and {White}, M. and {Higdon}, D. and 
	{Wagner}, C. and {Habib}, S. and {Williams}, B.},
    title = "{The Coyote Universe. III. Simulation Suite and Precision Emulator for the Nonlinear Matter Power Spectrum}",
  journal = {\apj},
archivePrefix = "arXiv",
   eprint = {0912.4490},
 keywords = {large-scale structure of universe, methods: numerical, methods: statistical},
     year = 2010,
    month = apr,
   volume = 713,
    pages = {1322-1331},
      doi = {10.1088/0004-637X/713/2/1322},
   adsurl = {http://adsabs.harvard.edu/abs/2010ApJ...713.1322L},
  adsnote = {Provided by the SAO/NASA Astrophysics Data System}
}

@ARTICLE{pires09,
   author = {{Pires}, S. and {Starck}, {J.-L.} and {Amara}, A. and {R{\'e}fr{\'e}gier}, A. and 
	{Teyssier}, R.},
    title = "{Cosmological model discrimination with weak lensing}",
  journal = {\aap},
archivePrefix = "arXiv",
   eprint = {0904.2995},
 keywords = {gravitational lensing, methods: data analysis, methods: statistical, cosmological parameters, dark matter},
     year = 2009,
    month = oct,
   volume = 505,
    pages = {969-979},
      doi = {10.1051/0004-6361/200811459},
   adsurl = {http://adsabs.harvard.edu/abs/2009A%26A...505..969P},
  adsnote = {Provided by the SAO/NASA Astrophysics Data System}
}


@ARTICLE{T&B07,
   author = {{Takada}, M. and {Bridle}, S.},
    title = "{Probing dark energy with cluster counts and cosmic shear power spectra: including the full covariance}",
  journal = {New Journal of Physics},
archivePrefix = "arXiv",
   eprint = {0705.0163},
     year = 2007,
    month = dec,
   volume = 9,
    pages = {446},
      doi = {10.1088/1367-2630/9/12/446},
   adsurl = {http://adsabs.harvard.edu/abs/2007NJPh....9..446T},
  adsnote = {Provided by the SAO/NASA Astrophysics Data System}
}

@ARTICLE{Sato09,
   author = {{Sato}, M. and {Hamana}, T. and {Takahashi}, R. and {Takada}, M. and 
	{Yoshida}, N. and {Matsubara}, T. and {Sugiyama}, N.},
    title = "{Simulations of Wide-Field Weak Lensing Surveys. I. Basic Statistics and Non-Gaussian Effects}",
  journal = {\apj},
archivePrefix = "arXiv",
   eprint = {0906.2237},
 keywords = {cosmology: theory, gravitational lensing, large-scale structure of universe, methods: numerical},
     year = 2009,
    month = aug,
   volume = 701,
    pages = {945-954},
      doi = {10.1088/0004-637X/701/2/945},
   adsurl = {http://adsabs.harvard.edu/abs/2009ApJ...701..945S},
  adsnote = {Provided by the SAO/NASA Astrophysics Data System}
}

@ARTICLE{WMAP7,
   author = {{Komatsu}, E. and {Smith}, K.~M. and {Dunkley}, J. and {Bennett}, C.~L. and 
	{Gold}, B. and {Hinshaw}, G. and {Jarosik}, N. and {Larson}, D. and 
	{Nolta}, M.~R. and {Page}, L. and {Spergel}, D.~N. and {Halpern}, M. and 
	{Hill}, R.~S. and {Kogut}, A. and {Limon}, M. and {Meyer}, S.~S. and 
	{Odegard}, N. and {Tucker}, G.~S. and {Weiland}, J.~L. and {Wollack}, E. and 
	{Wright}, E.~L.},
    title = "{Seven-year Wilkinson Microwave Anisotropy Probe (WMAP) Observations: Cosmological Interpretation}",
  journal = {\apjs},
archivePrefix = "arXiv",
   eprint = {1001.4538},
 primaryClass = "astro-ph.CO",
 keywords = {cosmic background radiation, cosmology: observations, dark matter, early universe, space vehicles},
     year = 2011,
    month = feb,
   volume = 192,
    pages = {18},
      doi = {10.1088/0067-0049/192/2/18},
   adsurl = {http://adsabs.harvard.edu/abs/2011ApJS..192...18K},
  adsnote = {Provided by the SAO/NASA Astrophysics Data System}
}


@ARTICLE{WK02,
   author = {{Weinberg}, N.~N. and {Kamionkowski}, M.},
    title = "{Weak gravitational lensing by dark clusters}",
  journal = {\mnras},
   eprint = {arXiv:astro-ph/0203061},
 keywords = {gravitational lensing, galaxies: clusters: general, cosmology: theory},
     year = 2002,
    month = dec,
   volume = 337,
    pages = {1269-1281},
      doi = {10.1046/j.1365-8711.2002.05977.x},
   adsurl = {http://adsabs.harvard.edu/abs/2002MNRAS.337.1269W},
  adsnote = {Provided by the SAO/NASA Astrophysics Data System}
}

@ARTICLE{SH10,
   author = {{Shang}, C. and {Haiman}, Z.},
    title = "{Cosmology with standard sirens: the importance of the shape of the lensing magnification distribution}",
  journal = {\mnras},
archivePrefix = "arXiv",
   eprint = {1004.3562},
 primaryClass = "astro-ph.CO",
 keywords = {gravitational lensing: weak, gravitational waves, cosmological parameters, cosmology: theory},
     year = 2011,
    month = feb,
   volume = 411,
    pages = {9-22},
      doi = {10.1111/j.1365-2966.2010.17607.x},
   adsurl = {http://adsabs.harvard.edu/abs/2011MNRAS.411....9S},
  adsnote = {Provided by the SAO/NASA Astrophysics Data System}
}



@ARTICLE{Linder08,
   author = {{Linder}, E.~V.},
    title = "{Gravitational wave sirens as a triple probe of dark energy}",
  journal = {JCAP},
archivePrefix = "arXiv",
   eprint = {0711.0743},
     year = 2008,
    month = mar,
   volume = 3,
    pages = {19},
      doi = {10.1088/1475-7516/2008/03/019},
   adsurl = {http://adsabs.harvard.edu/abs/2008JCAP...03..019L},
  adsnote = {Provided by the SAO/NASA Astrophysics Data System}
}


@ARTICLE{Scherrer09,
   author = {{Scherrer}, R.~J. and {Berlind}, A.~A. and {Mao}, Q. and {McBride}, C.~K.
	},
    title = "{From Finance to Cosmology: The Copula of Large-Scale Structure}",
  journal = {\apjl},
archivePrefix = "arXiv",
   eprint = {0909.5187},
 primaryClass = "astro-ph.CO",
 keywords = {galaxies: clusters: general, large-scale structure of universe},
     year = 2010,
    month = jan,
   volume = 708,
    pages = {L9-L13},
      doi = {10.1088/2041-8205/708/1/L9},
   adsurl = {http://adsabs.harvard.edu/abs/2010ApJ...708L...9S},
  adsnote = {Provided by the SAO/NASA Astrophysics Data System}
}

@ARTICLE{Neyrick10,
   author = {{Neyrinck}, M.~C. and {Szapudi}, I. and {Szalay}, A.~S.},
    title = "{Rejuvenating Power Spectra II: the Gaussianized galaxy density field}",
  journal = {\apj, submitted, e-print arXiv:1009.5680},
 primaryClass = "astro-ph.CO",
 keywords = {Astrophysics - Cosmology and Extragalactic Astrophysics},
     year = 2010,
    month = sep,
   adsurl = {http://adsabs.harvard.edu/abs/2010arXiv1009.5680N},
  adsnote = {Provided by the SAO/NASA Astrophysics Data System}
}

@ARTICLE{Weinberg92,
   author = {{Weinberg}, D.~H.},
    title = "{Reconstructing primordial density fluctuations. I - Method}",
  journal = {\mnras},
 keywords = {GALACTIC EVOLUTION, GRAVITATIONAL EFFECTS, NORMAL DENSITY FUNCTIONS, UNIVERSE, COMPUTATIONAL ASTROPHYSICS, DARK MATTER, DENSITY DISTRIBUTION, MANY BODY PROBLEM, POWER SPECTRA, SPATIAL DISTRIBUTION},
     year = 1992,
    month = jan,
   volume = 254,
    pages = {315-342},
   adsurl = {http://adsabs.harvard.edu/abs/1992MNRAS.254..315W},
  adsnote = {Provided by the SAO/NASA Astrophysics Data System}
}



@ARTICLE{Munshireview,
   author = {{Munshi}, D. and {Valageas}, P. and {van Waerbeke}, L. and {Heavens}, A.
	},
    title = "{Cosmology with weak lensing surveys}",
  journal = {\physrep},
   eprint = {arXiv:astro-ph/0612667},
     year = 2008,
    month = jun,
   volume = 462,
    pages = {67-121},
      doi = {10.1016/j.physrep.2008.02.003},
   adsurl = {http://adsabs.harvard.edu/abs/2008PhR...462...67M},
  adsnote = {Provided by the SAO/NASA Astrophysics Data System}
}


@ARTICLE{Semboloni+11a,
   author = {{Semboloni}, E. and {Hoekstra}, H. and {Schaye}, J. and {van Daalen}, M.~P. and 
	{McCarthy}, I.~G.},
    title = "{Quantifying the effect of baryon physics on weak lensing tomography}",
  journal = {\mnras},
archivePrefix = "arXiv",
   eprint = {1105.1075},
 primaryClass = "astro-ph.CO",
 keywords = {gravitational lensing: weak, surveys, cosmological parameters, cosmology: theory, dark energy, large-scale structure of Universe},
     year = 2011,
    month = nov,
   volume = 417,
    pages = {2020-2035},
      doi = {10.1111/j.1365-2966.2011.19385.x},
   adsurl = {http://adsabs.harvard.edu/abs/2011MNRAS.417.2020S},
  adsnote = {Provided by the SAO/NASA Astrophysics Data System}
}


@ARTICLE{vanDaalen11,
   author = {{van Daalen}, M.~P. and {Schaye}, J. and {Booth}, C.~M. and 
	{Dalla Vecchia}, C.},
    title = "{The effects of galaxy formation on the matter power spectrum: a challenge for precision cosmology}",
  journal = {\mnras},
archivePrefix = "arXiv",
   eprint = {1104.1174},
 primaryClass = "astro-ph.CO",
 keywords = {gravitational lensing: weak, surveys, galaxies: formation, cosmology: theory, large-scale structure of Universe},
     year = 2011,
    month = aug,
   volume = 415,
    pages = {3649-3665},
      doi = {10.1111/j.1365-2966.2011.18981.x},
   adsurl = {http://adsabs.harvard.edu/abs/2011MNRAS.415.3649V},
  adsnote = {Provided by the SAO/NASA Astrophysics Data System}
}



@ARTICLE{Casarini11,
   author = {{Casarini}, L. and {Macci{\`o}}, A.~V. and {Bonometto}, S.~A. and 
	{Stinson}, G.~S.},
    title = "{High-accuracy power spectra including baryonic physics in dynamical Dark Energy models}",
  journal = {\mnras},
archivePrefix = "arXiv",
   eprint = {1005.4683},
 primaryClass = "astro-ph.CO",
 keywords = {methods: numerical, galaxies: haloes, cosmology: theory, cosmology: dark energy, cosmology: dark matter, large-scale structure of Universe},
     year = 2011,
    month = apr,
   volume = 412,
    pages = {911-920},
      doi = {10.1111/j.1365-2966.2010.17948.x},
   adsurl = {http://adsabs.harvard.edu/abs/2011MNRAS.412..911C},
  adsnote = {Provided by the SAO/NASA Astrophysics Data System}
}

@ARTICLE{Guillet10,
   author = {{Guillet}, T. and {Teyssier}, R. and {Colombi}, S.},
    title = "{The effect of baryons on the variance and the skewness of the mass distribution in the Universe at small scales}",
  journal = {\mnras},
archivePrefix = "arXiv",
   eprint = {0905.2615},
 primaryClass = "astro-ph.CO",
 keywords = {gravitational lensing, hydrodynamics, Galaxy: disc, cosmological parameters, large-scale structure of Universe},
     year = 2010,
    month = jun,
   volume = 405,
    pages = {525-534},
      doi = {10.1111/j.1365-2966.2010.16466.x},
   adsurl = {http://adsabs.harvard.edu/abs/2010MNRAS.405..525G},
  adsnote = {Provided by the SAO/NASA Astrophysics Data System}
}

@ARTICLE{Zentner08,
   author = {{Zentner}, A.~R. and {Rudd}, D.~H. and {Hu}, W.},
    title = "{Self-calibration of tomographic weak lensing for the physics of baryons to constrain dark energy}",
  journal = {\prd},
archivePrefix = "arXiv",
   eprint = {0709.4029},
 keywords = {Cosmology, Distances, redshifts, radial velocities; spatial distribution of galaxies},
     year = 2008,
    month = feb,
   volume = 77,
   number = 4,
    pages = {043507},
      doi = {10.1103/PhysRevD.77.043507},
   adsurl = {http://adsabs.harvard.edu/abs/2008PhRvD..77d3507Z},
  adsnote = {Provided by the SAO/NASA Astrophysics Data System}
}


@ARTICLE{Xiuyuan,
   author = {{Yang}, X. and {Kratochvil}, J.~M. and {Wang}, S. and {Lim}, E.~A. and {Haiman}, Z. and {May}, M.},
    title = "{Cosmological Information in Weak Lensing Peaks}",
  journal = {submitted~to~\prd},
 keywords = {Cosmology, Dark energy, Astronomical catalogs, atlases, sky surveys, databases, retrieval systems, archives, etc., Superclusters; large-scale structure of the Universe},
     year = 2011,
    month = mar,
}

@ARTICLE{EugeneCMBMF,
   author = {{Lim}, E.~A. and {Simon}, D.},
    title = "{Can we detect Hot or Cold spots in the CMB with Minkowski Functionals?}",
  journal = {e-print ArXiv:1103.4300},
archivePrefix = "arXiv",
   eprint = {1103.4300},
 primaryClass = "astro-ph.CO",
 keywords = {Astrophysics - Cosmology and Extragalactic Astrophysics, General Relativity and Quantum Cosmology, High Energy Physics - Theory},
     year = 2011,
    month = mar,
   adsurl = {http://adsabs.harvard.edu/abs/2011arXiv1103.4300L},
  adsnote = {Provided by the SAO/NASA Astrophysics Data System}
}



@ARTICLE{Schneider11,
   author = {{Schneider}, M.~D. and {Holm}, {\'O}. and {Knox}, L.},
    title = "{Intelligent Design: On the Emulation of Cosmological Simulations}",
  journal = {\apj},
archivePrefix = "arXiv",
   eprint = {1002.1752},
 primaryClass = "astro-ph.CO",
 keywords = {cosmic background radiation, cosmological parameters, methods: numerical, methods: statistical},
     year = 2011,
    month = feb,
   volume = 728,
    pages = {137},
      doi = {10.1088/0004-637X/728/2/137},
   adsurl = {http://adsabs.harvard.edu/abs/2011ApJ...728..137S},
  adsnote = {Provided by the SAO/NASA Astrophysics Data System}
}

@ARTICLE{AnguloWhite10,
   author = {{Angulo}, R.~E. and {White}, S.~D.~M.},
    title = "{One simulation to fit them all - changing the background parameters of a cosmological N-body simulation}",
  journal = {\mnras},
archivePrefix = "arXiv",
   eprint = {0912.4277},
 primaryClass = "astro-ph.CO",
 keywords = {cosmology: theory, large-scale structure of Universe},
     year = 2010,
    month = jun,
   volume = 405,
    pages = {143-154},
      doi = {10.1111/j.1365-2966.2010.16459.x},
   adsurl = {http://adsabs.harvard.edu/abs/2010MNRAS.405..143A},
  adsnote = {Provided by the SAO/NASA Astrophysics Data System}
}

@ARTICLE{Heitmann06,
   author = {{Heitmann}, K. and {Higdon}, D. and {Nakhleh}, C. and {Habib}, S.
	},
    title = "{Cosmic Calibration}",
  journal = {\apjl},
   eprint = {arXiv:astro-ph/0606154},
 keywords = {Cosmology: Cosmological Parameters, Cosmology: Theory},
     year = 2006,
    month = jul,
   volume = 646,
    pages = {L1-L4},
      doi = {10.1086/506448},
   adsurl = {http://adsabs.harvard.edu/abs/2006ApJ...646L...1H},
  adsnote = {Provided by the SAO/NASA Astrophysics Data System}
}

@ARTICLE{RomanDGPI,
   author = {{Scoccimarro}, R.},
    title = "{Large-scale structure in brane-induced gravity. I. Perturbation theory}",
  journal = {\prd},
archivePrefix = "arXiv",
   eprint = {0906.4545},
 primaryClass = "astro-ph.CO",
 keywords = {Higher-dimensional gravity and other theories of gravity},
     year = 2009,
    month = nov,
   volume = 80,
   number = 10,
    pages = {104006},
      doi = {10.1103/PhysRevD.80.104006},
   adsurl = {http://adsabs.harvard.edu/abs/2009PhRvD..80j4006S},
  adsnote = {Provided by the SAO/NASA Astrophysics Data System}
}

@ARTICLE{RomanDGPII,
   author = {{Chan}, K.~C. and {Scoccimarro}, R.},
    title = "{Large-scale structure in brane-induced gravity. II. Numerical simulations}",
  journal = {\prd},
archivePrefix = "arXiv",
   eprint = {0906.4548},
 primaryClass = "astro-ph.CO",
 keywords = {Higher-dimensional gravity and other theories of gravity},
     year = 2009,
    month = nov,
   volume = 80,
   number = 10,
    pages = {104005},
      doi = {10.1103/PhysRevD.80.104005},
   adsurl = {http://adsabs.harvard.edu/abs/2009PhRvD..80j4005C},
  adsnote = {Provided by the SAO/NASA Astrophysics Data System}
}

@ARTICLE{Seo+11a,
   author = {{Seo}, H.-J. and {Sato}, M. and {Dodelson}, S. and {Jain}, B. and 
	{Takada}, M.},
    title = "{Re-capturing Cosmic Information}",
  journal = {\apjl},
archivePrefix = "arXiv",
   eprint = {1008.0349},
 primaryClass = "astro-ph.CO",
 keywords = {cosmology: theory, gravitational lensing: weak, large-scale structure of universe},
     year = 2011,
    month = mar,
   volume = 729,
    pages = {L11},
      doi = {10.1088/2041-8205/729/1/L11},
   adsurl = {http://adsabs.harvard.edu/abs/2011ApJ...729L..11S},
  adsnote = {Provided by the SAO/NASA Astrophysics Data System}
}

@ARTICLE{Joachimi11,
   author = {{Joachimi}, B. and {Taylor}, A.~N. and {Kiessling}, A.},
    title = "{Cosmological information in Gaussianised weak lensing signals}",
  journal = {e-print arXiv:1104.1399},
archivePrefix = "arXiv",
   eprint = {1104.1399},
 primaryClass = "astro-ph.CO",
 keywords = {Astrophysics - Cosmology and Extragalactic Astrophysics},
     year = 2011,
    month = apr,
   adsurl = {http://adsabs.harvard.edu/abs/2011arXiv1104.1399J},
  adsnote = {Provided by the SAO/NASA Astrophysics Data System}
}


@ARTICLE{Yu11,
   author = {{Yu}, Y. and {Zhang}, P. and {Lin}, W. and {Cui}, W. and {Fry}, J.~N.
	},
    title = "{Gaussianizing the non-Gaussian lensing convergence field: The performance of the Gaussianization}",
  journal = {\prd},
archivePrefix = "arXiv",
   eprint = {1103.2858},
 primaryClass = "astro-ph.CO",
 keywords = {Cosmology, Gravitational lenses and luminous arcs, Statistical and correlative studies of properties, Superclusters; large-scale structure of the Universe},
     year = 2011,
    month = jul,
   volume = 84,
   number = 2,
      eid = {023523},
    pages = {023523},
      doi = {10.1103/PhysRevD.84.023523},
   adsurl = {http://adsabs.harvard.edu/abs/2011PhRvD..84b3523Y},
  adsnote = {Provided by the SAO/NASA Astrophysics Data System}
}



@ARTICLE{NeyrinckI,
   author = {{Neyrinck}, M.~C. and {Szapudi}, I. and {Szalay}, A.~S.},
    title = "{Rejuvenating the Matter Power Spectrum: Restoring Information with a Logarithmic Density Mapping}",
  journal = {\apjl},
archivePrefix = "arXiv",
   eprint = {0903.4693},
 primaryClass = "astro-ph.CO",
 keywords = {cosmology: theory, large-scale structure of universe, methods: statistical},
     year = 2009,
    month = jun,
   volume = 698,
    pages = {L90-L93},
      doi = {10.1088/0004-637X/698/2/L90},
   adsurl = {http://adsabs.harvard.edu/abs/2009ApJ...698L..90N},
  adsnote = {Provided by the SAO/NASA Astrophysics Data System}
}


@ARTICLE{NeyrinckII,
   author = {{Neyrinck}, M.~C. and {Szapudi}, I. and {Szalay}, A.~S.},
    title = "{Rejuvenating Power Spectra. II. The Gaussianized Galaxy Density Field}",
  journal = {\apj},
archivePrefix = "arXiv",
   eprint = {1009.5680},
 primaryClass = "astro-ph.CO",
 keywords = {cosmology: observations, cosmology: theory, large-scale structure of universe, methods: statistical},
     year = 2011,
    month = apr,
   volume = 731,
    pages = {116},
      doi = {10.1088/0004-637X/731/2/116},
   adsurl = {http://adsabs.harvard.edu/abs/2011ApJ...731..116N},
  adsnote = {Provided by the SAO/NASA Astrophysics Data System}
}

@ARTICLE{NeyrinckIII,
   author = {{Neyrinck}, M.~C.},
    title = "{Rejuvenating the Matter Power Spectrum III: The Cosmology Sensitivity of Gaussianized Power Spectra}",
  journal = {e-print ArXiv:1105.2955},
archivePrefix = "arXiv",
   eprint = {1105.2955},
 primaryClass = "astro-ph.CO",
 keywords = {Astrophysics - Cosmology and Extragalactic Astrophysics},
     year = 2011,
    month = may,
   adsurl = {http://adsabs.harvard.edu/abs/2011arXiv1104.1399J},
  adsnote = {Provided by the SAO/NASA Astrophysics Data System}
}



@ARTICLE{COSMOS,
   author = {{Schrabback}, T. and {Hartlap}, J. and {Joachimi}, B. and {Kilbinger}, M. and 
	{Simon}, P. and {Benabed}, K. and {Brada{\v c}}, M. and {Eifler}, T. and 
	{Erben}, T. and {Fassnacht}, C.~D. and {High}, F.~W. and {Hilbert}, S. and 
	{Hildebrandt}, H. and {Hoekstra}, H. and {Kuijken}, K. and {Marshall}, P.~J. and 
	{Mellier}, Y. and {Morganson}, E. and {Schneider}, P. and {Semboloni}, E. and 
	{van Waerbeke}, L. and {Velander}, M.},
    title = "{Evidence of the accelerated expansion of the Universe from weak lensing tomography with COSMOS}",
  journal = {\aap},
archivePrefix = "arXiv",
   eprint = {0911.0053},
 primaryClass = "astro-ph.CO",
 keywords = {cosmological parameters, dark matter, large-scale structure of Universe, gravitational lensing: weak},
     year = 2010,
    month = jun,
   volume = 516,
    pages = {A63},
      doi = {10.1051/0004-6361/200913577},
   adsurl = {http://adsabs.harvard.edu/abs/2010A%26A...516A..63S},
  adsnote = {Provided by the SAO/NASA Astrophysics Data System}
}

@ARTICLE{Seo+11b,
   author = {{Seo}, H.-J. and {Sato}, M. and {Takada}, M. and {Dodelson}, S.
	},
    title = "{Dark Energy from the log-transformed convergence field}",
  journal = {ArXiv e-prints},
archivePrefix = "arXiv",
   eprint = {1109.5639},
 primaryClass = "astro-ph.CO",
 keywords = {Astrophysics - Cosmology and Extragalactic Astrophysics},
     year = 2011,
    month = sep,
   adsurl = {http://adsabs.harvard.edu/abs/2011arXiv1109.5639S},
  adsnote = {Provided by the SAO/NASA Astrophysics Data System}
}

@ARTICLE{Marian+11,
   author = {{Marian}, L. and {Smith}, R.~E. and {Hilbert}, S. and {Schneider}, P.
	},
    title = "{Optimized detection of shear peaks in weak lensing maps}",
  journal = {\mnras, submitted, e-print arXiv:1110.4635},
archivePrefix = "arXiv",
   eprint = {1110.4635},
 primaryClass = "astro-ph.CO",
 keywords = {Astrophysics - Cosmology and Extragalactic Astrophysics},
     year = 2011,
    month = oct,
   adsurl = {http://adsabs.harvard.edu/abs/2011arXiv1110.4635M},
  adsnote = {Provided by the SAO/NASA Astrophysics Data System}
}

@ARTICLE{DZ05,
   author = {{Dodelson}, S. and {Zhang}, P.},
    title = "{Weak lensing bispectrum}",
  journal = {\prd},
   eprint = {arXiv:astro-ph/0501063},
 keywords = {Gravitational lenses and luminous arcs},
     year = 2005,
    month = oct,
   volume = 72,
   number = 8,
      eid = {083001},
    pages = {083001},
      doi = {10.1103/PhysRevD.72.083001},
   adsurl = {http://adsabs.harvard.edu/abs/2005PhRvD..72h3001D},
  adsnote = {Provided by the SAO/NASA Astrophysics Data System}
}

@ARTICLE{Munshi+11,
   author = {{Munshi}, D. and {van Waerbeke}, L. and {Smidt}, J. and {Coles}, P.
	},
    title = "{From Weak Lensing to non-Gaussianity via Minkowski Functionals}",
journal   = {\mnras, submitted, e-print arXiv:1103.1876},
archivePrefix = "arXiv",
   eprint = {1103.1876},
 primaryClass = "astro-ph.CO",
 keywords = {Astrophysics - Cosmology and Extragalactic Astrophysics},
     year = 2011,
    month = mar,
   adsurl = {http://adsabs.harvard.edu/abs/2011arXiv1103.1876M},
  adsnote = {Provided by the SAO/NASA Astrophysics Data System}
}

@ARTICLE{Minkowski,
   author = {{Kratochvil}, J.~M. and {Lim}, E.~A. and {Wang}, S. and {Haiman}, Z. and 
	{May}, M. and {Huffenberger}, K.},
    title = "{Probing Cosmology with Weak Lensing Minkowski Functionals}",
journal   = {\prd, submitted, e-print arXiv:1109.6334},
archivePrefix = "arXiv",
   eprint = {1109.6334},
 primaryClass = "astro-ph.CO",
 keywords = {Astrophysics - Cosmology and Extragalactic Astrophysics},
     year = 2011,
    month = sep,
   adsurl = {http://adsabs.harvard.edu/abs/2011arXiv1109.6334K},
  adsnote = {Provided by the SAO/NASA Astrophysics Data System}
}

@ARTICLE{Semboloni+11b,
   author = {{Semboloni}, E. and {Schrabback}, T. and {van Waerbeke}, L. and 
	{Vafaei}, S. and {Hartlap}, J. and {Hilbert}, S.},
    title = "{Weak lensing from space: first cosmological constraints from three-point shear statistics}",
  journal = {\mnras},
archivePrefix = "arXiv",
   eprint = {1005.4941},
 primaryClass = "astro-ph.CO",
 keywords = {gravitational lensing: weak, cosmological parameters, cosmology: observations, dark matter, large-scale structure of Universe},
     year = 2011,
    month = jan,
   volume = 410,
    pages = {143-160},
      doi = {10.1111/j.1365-2966.2010.17430.x},
   adsurl = {http://adsabs.harvard.edu/abs/2011MNRAS.410..143S},
  adsnote = {Provided by the SAO/NASA Astrophysics Data System}
}


@ARTICLE{JS09,
   author = {{Joachimi}, B. and {Schneider}, P.},
    title = "{The removal of shear-ellipticity correlations from the cosmic shear signal. Influence of photometric redshift errors on the nulling technique}",
  journal = {\aap},
archivePrefix = "arXiv",
   eprint = {0905.0393},
 primaryClass = "astro-ph.CO",
 keywords = {cosmology: theory, gravitational lensing, large-scale structure of Universe, cosmological parameters, methods: data analysis},
     year = 2009,
    month = nov,
   volume = 507,
    pages = {105-129},
      doi = {10.1051/0004-6361/200912420},
   adsurl = {http://adsabs.harvard.edu/abs/2009A%26A...507..105J},
  adsnote = {Provided by the SAO/NASA Astrophysics Data System}
}


@ARTICLE{BK07,
   author = {{Bridle}, S. and {King}, L.},
    title = "{Dark energy constraints from cosmic shear power spectra: impact of intrinsic alignments on photometric redshift requirements}",
  journal = {New Journal of Physics},
archivePrefix = "arXiv",
   eprint = {0705.0166},
     year = 2007,
    month = dec,
   volume = 9,
    pages = {444},
      doi = {10.1088/1367-2630/9/12/444},
   adsurl = {http://adsabs.harvard.edu/abs/2007NJPh....9..444B},
  adsnote = {Provided by the SAO/NASA Astrophysics Data System}
}


@ARTICLE{LSSTbook,
   author = {{Abell}, P.~A. and {Allison}, J. and 
	{Anderson}, S.~F. and {Andrew}, J.~R. and {Angel}, J.~R.~P. and 
	{Armus}, L. and {Arnett}, D. and {Asztalos}, S.~J. and {Axelrod}, T.~S. and et al.},
    title = "{LSST Science Book, Version 2.0}",
  journal = {e-print arXiv:0912.0201},
archivePrefix = "arXiv",
   eprint = {0912.0201},
 primaryClass = "astro-ph.IM",
 keywords = {Astrophysics - Instrumentation and Methods for Astrophysics, Astrophysics - Cosmology and Extragalactic Astrophysics, Astrophysics - Earth and Planetary Astrophysics, Astrophysics - Galaxy Astrophysics, Astrophysics - Solar and Stellar Astrophysics},
     year = 2009,
    month = dec,
   adsurl = {http://adsabs.harvard.edu/abs/2009arXiv0912.0201L},
  adsnote = {Provided by the SAO/NASA Astrophysics Data System}
}


@ARTICLE{HW05,
   author = {{Huterer}, D. and {White}, M.},
    title = "{Nulling tomography with weak gravitational lensing}",
  journal = {\prd},
   eprint = {arXiv:astro-ph/0501451},
 keywords = {Gravitational lenses and luminous arcs, Dark matter, Observational cosmology},
     year = 2005,
    month = aug,
   volume = 72,
   number = 4,
      eid = {043002},
    pages = {043002},
      doi = {10.1103/PhysRevD.72.043002},
   adsurl = {http://adsabs.harvard.edu/abs/2005PhRvD..72d3002H},
  adsnote = {Provided by the SAO/NASA Astrophysics Data System}
}




@ARTICLE{Kneib+1996,
   author = {{Kneib}, J.-P. and {Ellis}, R.~S. and {Smail}, I. and {Couch}, W.~J. and 
	{Sharples}, R.~M.},
    title = "{Hubble Space Telescope Observations of the Lensing Cluster Abell 2218}",
  journal = {\apj},
   eprint = {astro-ph/9511015},
 keywords = {COSMOLOGY: OBSERVATIONS, GALAXIES: CLUSTERS: INDIVIDUAL ALPHANUMERIC: A2218, COSMOLOGY: GRAVITATIONAL LENSING},
     year = 1996,
    month = nov,
   volume = 471,
    pages = {643},
      doi = {10.1086/177995},
   adsurl = {http://adsabs.harvard.edu/abs/1996ApJ...471..643K},
  adsnote = {Provided by the SAO/NASA Astrophysics Data System}
}


@BOOK{darkenergy,
   author = {{Committee On The Physics Of The Universe}, B.~O.~P. and {Astronomy}, D.~O.~E. and 
	{Physical Sciences}, N.~R.~C.~O.~T.~N.~A.},
    title = "{Connecting quarks with the cosmos : eleven science questions for the new century}",
booktitle = {Connecting quarks with the cosmos : eleven science questions for the new century / Committee on the Physics of the Universe, Board on Physics and Astronomy, Division on Engineering and Physical Sciences, National Research Council of the National Academies.~Washington, D.C.~: National Academies Press, c2003.},
     year = 2003,
   adsurl = {http://adsabs.harvard.edu/abs/2003cqwc.book.....C},
  adsnote = {Provided by the SAO/NASA Astrophysics Data System}
}


@TECHREPORT{darkenergy2,
   author = {{Committee on The Physics of The Universe} and {Board on Physics and Astronomy} and 
	{Division on Engineering and Physical Sciences} and {National Research Council of The National Academies}
	},
    title = "{Connecting Quarks with the Cosmos: Eleven Science Questions for the New Century - Eleven Science Questions for the New Century}",
booktitle = {Connecting Quarks with the Cosmos: Eleven Science Questions for the New Century. Committee on the Physics of the Universe. Board on Physics and Astronomy. Division on Engineering and Physical Sciences. NATIONAL RESEARCH COUNCIL OF THE NATIONAL ACADEMIES. Washington D.C.: NATIONAL ACADEMY PRESS, 2003},
     year = 2003,
   editor = {{Committee on The Physics of The Universe} and {Board on Physics and Astronomy} and 
	{Division on Engineering and Physical Sciences} and {National Research Council of The National Academies}
	},
   adsurl = {http://adsabs.harvard.edu/abs/2003cqc..rept.....C},
  adsnote = {Provided by the SAO/NASA Astrophysics Data System}
}



@ARTICLE{MF-Andrea,
   author = {{Petri}, A. and {Haiman}, Z. and {Hui}, L. and {May}, M. and 
	{Kratochvil}, J.~M.},
    title = "{Cosmology with Minkowski functionals and moments of the weak lensing convergence field}",
  journal = {\prd},
archivePrefix = "arXiv",
   eprint = {1309.4460},
 primaryClass = "astro-ph.CO",
 keywords = {Relativity and gravitation, Gravitational lenses and luminous arcs},
     year = 2013,
    month = dec,
   volume = 88,
   number = 12,
      eid = {123002},
    pages = {123002},
      doi = {10.1103/PhysRevD.88.123002},
   adsurl = {http://adsabs.harvard.edu/abs/2013PhRvD..88l3002P},
  adsnote = {Provided by the SAO/NASA Astrophysics Data System}
}



@ARTICLE{CFHTLS2012,
   author = {{Heymans}, C. and {Van Waerbeke}, L. and {Miller}, L. and {Erben}, T. and 
	{Hildebrandt}, H. and {Hoekstra}, H. and {Kitching}, T.~D. and 
	{Mellier}, Y. and {Simon}, P. and {Bonnett}, C. and {Coupon}, J. and 
	{Fu}, L. and {Harnois D{\'e}raps}, J. and {Hudson}, M.~J. and 
	{Kilbinger}, M. and {Kuijken}, K. and {Rowe}, B. and {Schrabback}, T. and 
	{Semboloni}, E. and {van Uitert}, E. and {Vafaei}, S. and {Velander}, M.
	},
    title = "{CFHTLenS: the Canada-France-Hawaii Telescope Lensing Survey}",
  journal = {\mnras},
archivePrefix = "arXiv",
   eprint = {1210.0032},
 primaryClass = "astro-ph.CO",
 keywords = {gravitational lensing: weak, cosmology: observations},
     year = 2012,
    month = nov,
   volume = 427,
    pages = {146-166},
      doi = {10.1111/j.1365-2966.2012.21952.x},
   adsurl = {http://adsabs.harvard.edu/abs/2012MNRAS.427..146H},
  adsnote = {Provided by the SAO/NASA Astrophysics Data System}
}

@ARTICLE{Kilbinger2013,
   author = {{Kilbinger}, M. and {Fu}, L. and {Heymans}, C. and {Simpson}, F. and 
	{Benjamin}, J. and {Erben}, T. and {Harnois-D{\'e}raps}, J. and 
	{Hoekstra}, H. and {Hildebrandt}, H. and {Kitching}, T.~D. and 
	{Mellier}, Y. and {Miller}, L. and {Van Waerbeke}, L. and {Benabed}, K. and 
	{Bonnett}, C. and {Coupon}, J. and {Hudson}, M.~J. and {Kuijken}, K. and 
	{Rowe}, B. and {Schrabback}, T. and {Semboloni}, E. and {Vafaei}, S. and 
	{Velander}, M.},
    title = "{CFHTLenS: combined probe cosmological model comparison using 2D weak gravitational lensing}",
  journal = {\mnras},
archivePrefix = "arXiv",
   eprint = {1212.3338},
 primaryClass = "astro-ph.CO",
 keywords = {methods: statistical, cosmological parameters},
     year = 2013,
    month = apr,
   volume = 430,
    pages = {2200-2220},
      doi = {10.1093/mnras/stt041},
   adsurl = {http://adsabs.harvard.edu/abs/2013MNRAS.430.2200K},
  adsnote = {Provided by the SAO/NASA Astrophysics Data System}
}

@ARTICLE{Komatsu2011,
   author = {{Komatsu}, E. and {Smith}, K.~M. and {Dunkley}, J. and {Bennett}, C.~L. and 
	{Gold}, B. and {Hinshaw}, G. and {Jarosik}, N. and {Larson}, D. and 
	{Nolta}, M.~R. and {Page}, L. and {Spergel}, D.~N. and {Halpern}, M. and 
	{Hill}, R.~S. and {Kogut}, A. and {Limon}, M. and {Meyer}, S.~S. and 
	{Odegard}, N. and {Tucker}, G.~S. and {Weiland}, J.~L. and {Wollack}, E. and 
	{Wright}, E.~L.},
    title = "{Seven-year Wilkinson Microwave Anisotropy Probe (WMAP) Observations: Cosmological Interpretation}",
  journal = {\apjs},
archivePrefix = "arXiv",
   eprint = {1001.4538},
 primaryClass = "astro-ph.CO",
 keywords = {cosmic background radiation, cosmology: observations, dark matter, early universe, space vehicles},
     year = 2011,
    month = feb,
   volume = 192,
      eid = {18},
    pages = {18},
      doi = {10.1088/0067-0049/192/2/18},
   adsurl = {http://adsabs.harvard.edu/abs/2011ApJS..192...18K},
  adsnote = {Provided by the SAO/NASA Astrophysics Data System}
}



@ARTICLE{CAMB,
   author = {{Lewis}, A. and {Challinor}, A. and {Lasenby}, A.},
    title = "{Efficient Computation of Cosmic Microwave Background Anisotropies in Closed Friedmann-Robertson-Walker Models}",
  journal = {\apj},
   eprint = {astro-ph/9911177},
 keywords = {Cosmology: Cosmic Microwave Background, Cosmology: Theory},
     year = 2000,
    month = aug,
   volume = 538,
    pages = {473-476},
      doi = {10.1086/309179},
   adsurl = {http://adsabs.harvard.edu/abs/2000ApJ...538..473L},
  adsnote = {Provided by the SAO/NASA Astrophysics Data System}
}



@BOOK{Hockney-Eastwood,
   author = {{Hockney}, R.~W. and {Eastwood}, J.~W.},
    title = "{Computer Simulation Using Particles}",
booktitle = {Computer Simulation Using Particles, New York: McGraw-Hill, 1981},
     year = 1981,
   adsurl = {http://adsabs.harvard.edu/abs/1981csup.book.....H},
  adsnote = {Provided by the SAO/NASA Astrophysics Data System}
}


@Article{CMBFAST,
     author    = "Seljak, Uros and Zaldarriaga, Matias",
     title     = "A Line of Sight Approach to Cosmic Microwave Background
                  Anisotropies",
     journal   = "Astrophys. J.",
     volume    = "469",
     year      = "1996",
     pages     = "437-444",
     eprint    = "astro-ph/9603033",
     SLACcitation  = "%%CITATION = ASTRO-PH 9603033;%%"
}